<record><leader>00000cas a22000007a 4500</leader><controlfield tag="001">13513392</controlfield><controlfield tag="008">860430d18821883iauwr ne      0    0eng d</controlfield><datafield ind1=" " ind2=" " tag="010"><subfield code="a">sn 86060060 </subfield></datafield><datafield ind1=" " ind2=" " tag="040"><subfield code="a">INP</subfield><subfield code="b">eng</subfield><subfield code="c">INP</subfield><subfield code="d">OCL</subfield><subfield code="d">OCLCQ</subfield></datafield><datafield ind1=" " ind2=" " tag="042"><subfield code="a">msc</subfield></datafield><datafield ind1="0" ind2="4" tag="245"><subfield code="a">The Creston commoner.</subfield></datafield><datafield ind1="1" ind2="3" tag="246"><subfield code="a">Commoner</subfield><subfield code="f">&lt;Oct. 19&gt;-Oct. 26, 1883</subfield></datafield><datafield ind1=" " ind2=" " tag="260"><subfield code="a">Creston, Iowa :</subfield><subfield code="b">Page &amp; Davis,</subfield><subfield code="c">-1883.</subfield></datafield><datafield ind1=" " ind2=" " tag="300"><subfield code="a">v. :</subfield><subfield code="b">ill. (chiefly advertisements)</subfield></datafield><datafield ind1=" " ind2=" " tag="310"><subfield code="a">Weekly</subfield></datafield><datafield ind1="0" ind2=" " tag="362"><subfield code="a">-v. 2, no. 2 (Oct. 26, 1883).</subfield></datafield><datafield ind1="1" ind2=" " tag="362"><subfield code="a">Began Oct. 19, 1882.</subfield><subfield code="z">Cf. Bibl. of Iowa newspapers.</subfield></datafield><datafield ind1=" " ind2=" " tag="500"><subfield code="a">"The world is governed too much," &lt;Oct. 19&gt;-Oct. 26, 1883.</subfield></datafield><datafield ind1=" " ind2=" " tag="500"><subfield code="a">Editor: S.R. Davis, Oct. 19-26, 1883.</subfield></datafield><datafield ind1=" " ind2=" " tag="588"><subfield code="a">Description based on: Vol. 2, no. 1 (Oct. 19, 1883).</subfield></datafield><datafield ind1=" " ind2=" " tag="752"><subfield code="a">United States</subfield><subfield code="b">Iowa</subfield><subfield code="c">Union</subfield><subfield code="d">Creston.</subfield></datafield><datafield ind1="0" ind2="0" tag="785"><subfield code="t">Creston commonwealth (Creston, Iowa : 1883)</subfield><subfield code="w">(DLC)sn 86060061</subfield></datafield><datafield ind1="1" ind2=" " tag="029"><subfield code="a">AU@</subfield><subfield code="b">000023535407</subfield></datafield></record>